@article{gerich1986design,
  title={The design, construction, and testing of the vacuum vessel for the tandem Mirror Fusion Test Facility},
  author={Gerich, Jerry W},
  journal={Journal of Vacuum Science \& Technology A: Vacuum, Surfaces, and Films},
  volume={4},
  number={3},
  pages={1742--1748},
  year={1986},
  publisher={American Vacuum Society}
}

@article{gordon1986mirror,
  title={Mirror advanced reactor study engineering overview},
  author={Gordon, James D},
  journal={Nuclear Engineering and Design. Fusion},
  volume={3},
  number={2},
  pages={119--150},
  year={1986},
  publisher={Elsevier}
}